<record xmlns='http://www.loc.gov/MARC21/slim'><leader>03045cam a22004572u 4500</leader><controlfield tag='001'>5673402</controlfield><controlfield tag='005'>20181017113614.0</controlfield><controlfield tag='007'>he u||024||||</controlfield><controlfield tag='008'>080220s1997    xxu ||| b     ||| | spa d</controlfield><datafield ind1=' ' ind2=' ' tag='020'><subfield code='a'>9780965844819</subfield></datafield><datafield ind1=' ' ind2=' ' tag='020'><subfield code='a'>0965844811</subfield></datafield><datafield ind1=' ' ind2=' ' tag='035'><subfield code='9'>(ericd)ED445164</subfield></datafield><datafield ind1=' ' ind2=' ' tag='037'><subfield code='a'>ED445164</subfield><subfield code='b'>ERIC</subfield></datafield><datafield ind1=' ' ind2=' ' tag='040'><subfield code='a'>ericd</subfield><subfield code='b'>eng</subfield><subfield code='c'>ericd</subfield><subfield code='d'>MvI</subfield></datafield><datafield ind1=' ' ind2=' ' tag='091'><subfield code='a'>mfm</subfield></datafield><datafield ind1='1' ind2=' ' tag='100'><subfield code='a'>Duran, Carmen.</subfield></datafield><datafield ind1='1' ind2='0' tag='242'><subfield code='a'>Promoting a Healthy Future</subfield><subfield code='h'>[microform] :</subfield><subfield code='b'>Training Manual for Health Educators and Instructors Who Work with Young Health Promoters, Young Counselors or Educators and Volunteers /</subfield><subfield code='c'>Carmen Duran and Paloma Cuchi.</subfield><subfield code='y'>eng</subfield></datafield><datafield ind1='1' ind2='0' tag='245'><subfield code='a'>Promoviendo un Futuro Saludable</subfield><subfield code='h'>[microform] :</subfield><subfield code='b'>Manual de Entrenamiento para Educadores de Salud e Instructores que Trabajan con Jovenes Promotores de Salud, Jovenes Consejeros o Educadores y Voluntarios /</subfield><subfield code='c'>Carmen Duran and Paloma Cuchi.</subfield></datafield><datafield ind1=' ' ind2=' ' tag='260'><subfield code='a'>[Washington, D.C.] :</subfield><subfield code='b'>Distributed by ERIC Clearinghouse,</subfield><subfield code='c'>1997.</subfield></datafield><datafield ind1=' ' ind2=' ' tag='300'><subfield code='a'>299 p.</subfield></datafield><datafield ind1=' ' ind2=' ' tag='500'><subfield code='a'>Sponsoring Agency: Centers for Disease Control (DHHS/PHS), Atlanta, GA.</subfield><subfield code='5'>ericd</subfield></datafield><datafield ind1=' ' ind2=' ' tag='500'><subfield code='a'>Contract Number: U21/CCU309948-03.</subfield><subfield code='5'>ericd</subfield></datafield><datafield ind1=' ' ind2=' ' tag='520'><subfield code='a'>This manual is designed to help the Latino community in its work of incorporating young people into disease prevention efforts and health education. It provides basic information on 12 health themes along with suggestions and resource materials for the instructor. The young people trained through this manual may work in a number of education and prevention activities, including helping in clinics, giving educational talks, serving as counselors in schools and community sites, and helping in a variety of other ways. The 12 themes are: (1) &quot;Introduction to the Course&quot;; (2) &quot;The Clinic&quot; (introduction to clinic procedures and policies); (3) &quot;Vital Signs&quot; (what they are and how to record them); (4) &quot;HIV, AIDS, and Sexually Transmitted Diseases&quot;; (5) &quot;Reproductive Health&quot;; (6)&quot;Nutrition and Exercise&quot;; (7) &quot;Abuse of Harmful Substances&quot;; (8) &quot;Mental Health&quot;; (9) &quot;Immunizations&quot;; (10) &quot;Pregnant Adolescents&quot;; (11) &quot;Sexual Violation&quot; (rape and sexual aggression); and (12) &quot;Health Careers.&quot; (SLD)</subfield></datafield><datafield ind1=' ' ind2=' ' tag='530'><subfield code='a'>May also be available online. Address as at 14/8/18: </subfield><subfield code='u'>https://eric.ed.gov/</subfield></datafield><datafield ind1=' ' ind2=' ' tag='533'><subfield code='a'>Microfiche.</subfield><subfield code='b'>[Washington D.C.]:</subfield><subfield code='c'>ERIC Clearinghouse</subfield><subfield code='e'>microfiches : positive.</subfield></datafield><datafield ind1='1' ind2='7' tag='650'><subfield code='a'>Adolescents.</subfield><subfield code='2'>ericd</subfield></datafield><datafield ind1='0' ind2='7' tag='650'><subfield code='a'>Health Education.</subfield><subfield code='2'>ericd</subfield></datafield><datafield ind1='0' ind2='7' tag='650'><subfield code='a'>Health Personnel.</subfield><subfield code='2'>ericd</subfield></datafield><datafield ind1='1' ind2='7' tag='650'><subfield code='a'>Health Promotion.</subfield><subfield code='2'>ericd</subfield></datafield><datafield ind1='1' ind2='7' tag='650'><subfield code='a'>Hispanic Americans.</subfield><subfield code='2'>ericd</subfield></datafield><datafield ind1='0' ind2='7' tag='650'><subfield code='a'>Prevention.</subfield><subfield code='2'>ericd</subfield></datafield><datafield ind1='0' ind2='7' tag='650'><subfield code='a'>Sex Education.</subfield><subfield code='2'>ericd</subfield></datafield><datafield ind1='1' ind2='7' tag='650'><subfield code='a'>Training.</subfield><subfield code='2'>ericd</subfield></datafield><datafield ind1='0' ind2='7' tag='650'><subfield code='a'>Volunteers.</subfield><subfield code='2'>ericd</subfield></datafield><datafield ind1='1' ind2='7' tag='650'><subfield code='a'>Young Adults.</subfield><subfield code='2'>ericd</subfield></datafield><datafield ind1=' ' ind2='7' tag='655'><subfield code='a'>Guides, Classroom</subfield><subfield code='x'>Learner.</subfield><subfield code='2'>ericd</subfield></datafield><datafield ind1='1' ind2=' ' tag='700'><subfield code='a'>Cuchi, Paloma,</subfield><subfield code='e'>author.</subfield></datafield><datafield ind1='2' ind2=' ' tag='710'><subfield code='a'>Centro de la Juventud Latinoamericana (Latin American Youth Center), Washington, DC.</subfield></datafield><datafield ind1='2' ind2=' ' tag='710'><subfield code='a'>National Council of La Raza, Washington, DC.</subfield></datafield><datafield ind1='4' ind2='1' tag='856'><subfield code='u'>https://eric.ed.gov/?id=ED445164</subfield></datafield><datafield ind1=' ' ind2=' ' tag='984'><subfield code='a'>ANL</subfield><subfield code='c'>mc 2253 ED445164</subfield><subfield code='d'>77000000444090</subfield></datafield></record>